%%% ====================================================================
%%%  BibTeX-file{
%%%     author          = "David Rhead",
%%%     version         = "1.00",
%%%     date            = "17 Feb 1990",
%%%     time            = "17:00 GMT",
%%%     filename        = "test.bib",
%%%     address         = "Cripps Computing Centre,
%%%                        University of Nottingham,
%%%                        University Park,
%%%                        Nottingham,
%%%                        NG7 2RD,
%%%                        United Kingdom",
%%%     telephone       = "+44 602 484848 Ext 2670",
%%%     FAX             = "+44 602 588138",
%%%     checksum        = "05151 839 2908 25082",
%%%     email           = "David_Rhead at uk.ac.nott.vme (JANET)",
%%%     codetable       = "ISO/ASCII",
%%%     keywords        = "bibliography, citation, references",
%%%     supported       = "no",
%%%     docstring       = "This BibTeX database file contains entries
%%%                        designed for testing whether a BibTeX style
%%%                        file lays references out as recommended by
%%%                        certain authorities.  (Note, however, that
%%%                        the BS 1629 examples are from the 1976
%%%                        edition.  The file needs updating to use
%%%                        examples from the 1989 edition instead.)
%%%
%%%                        The checksum field above contains a CRC-16
%%%                        checksum as the first value, followed by the
%%%                        equivalent of the standard UNIX wc (word
%%%                        count) utility output of lines, words, and
%%%                        characters.  This is produced by Robert
%%%                        Solovay's checksum utility.",
%%%  }
%%% ====================================================================
%% @COMMENT{Some other standard works describing conventions for citations
%%      and bibliographies}

@Inproceedings{Tetreault-2012,
  author = 	 "Joel Tetreault and Daniel Blanchard and Aoife Cahill and Martin Chodorow",
  title = 	 "Native Tongues, Lost and Found: Resources and Empirical Evaluations in Native Language Identification",
  booktitle = "Proceedings of COLING 2012: Technical Papers",
  year = 	 "2012",
  month = 	 "December",
  date =     "8-15",
  pages = 	 "2585--2602",
  address =  "Mumbai, India",
  publisher = "International Conference on Computational Linguistics  (COLING)",
}

@Techreport{toefl11-report,
	author =       "Daniel Blanchard and Joel Tetreault and Derrick Higgins and Aoife Cahill and Martin Chodorow",
	title =        "TOEFL11: A Corpus of Non-Native English",
	institution =  "Educational Testing Service",
	address =      "Princeton, New Jersey",
	year =         "2013",
	type =         "RR",
	number =       "13-14"
}

@Inproceedings{Tetreault-2013,
	author =       "Joel Tetreault and Daniel Blanchard and Aoife Cahill",
	year =         "2013",
	title =        "A Report on the First Native Language Identification Shared Task",
	booktitle =    "Proceedings of the Eighth Workshop on Innovative Use of NLP for Building Educational Applications",
	publisher =    "Association for Computational Linguistics (ACL)",
	pages = "48--47",
	address =      "Atlanta, Georgia",
	month = "June",
	date = "13"
}

@Inproceedings{wang-2011,
	author =       "Sze-Meng Jojo Wang and Mark Dras",
	year =         "2011",
	title =        "Exploiting Parse Structures for Native Language Identi?cation",
	booktitle =    "Proceedings of the 2011 Conference on Empirical Methods in Natural Language Processing",
	publisher =    "Association for Computational Linguistics (ACL)",
	pages = "1600--1610",
	address =      "Edinburgh, Scotland, UK",
	month = "July",
	date = "27-31"
}

@Inproceedings{malmasi-2013,
	author =       "Shervin Malmasi and Sze-Meng Jojo Wang and Mark Dras",
	year =         "2013",
	title =        "NLI Shared Task 2013: MQ
	Submission",
	booktitle =    "Proceedings of the Eighth Workshop on Innovative Use of NLP for Building Educational
	Applications",
	publisher =    "Association for Computational Linguistics (ACL)",
	pages = "124--133",
	address =      "Atlanta, Georgia",
	month = "June",
	date = "13"
}

@Inproceedings{malmasi-2014,
	author =       "Shervin Malmasi and Mark Dras",
	year =         "2014",
	title =        "Language Transfer Hypothesis with SVM Weights",
	booktitle =    "Proceedings of the 2014 Conference on Empirical Methods in Natural Language Processing (EMNLP)",
	publisher =    "Association for Computational Linguistics (ACL)",
	pages = "1385--1390",
	address =      "Doha, Qatar",
	month = "October",
	date = "25-29"
}

@Inproceedings{dale-2012,
	author =       "Robert Dale and Ilya Anisimoff and George Narroway",
	year =         "2012",
	title =        "HOO 2012: A Report on the Preposition and	Determiner Error Correction Shared Task",
	booktitle =    "The 7th Workshop on the Innovative Use of NLP for Building Educational Applications",
	publisher =    "Association for Computational Linguistics (ACL)",
	pages = "54--62",
	address =      "Montr\'eal, QC, Canada",
	month = "June",
	date = "3-8"
}

@Inproceedings{forman-2004,
	author =       "George Forman and Ira Cohen",
	year =         "2004",
	title =        "Learning from Little: Comparison of Classifiers Given Little Training",
	booktitle =    "8th European Conference on Principles and Practice of Knowledge Discovery in Databases",
	publisher =    "Springer Berlin Heidelberg",
	pages = "161--172",
	address =      "Pisa, Italy",
	month = "September",
	date = "20-24"
}